<record xmlns="http://www.loc.gov/MARC21/slim" xmlns:xsi="http://www.w3.org/2001/XMLSchema-instance" xsi:schemaLocation="http://www.loc.gov/MARC21/slim http://www.loc.gov/standards/marcxml/schema/MARC21slim.xsd"><leader>00000nam  22000005a 4500</leader><controlfield tag="001">9525125238</controlfield><controlfield tag="003">BTJ</controlfield><controlfield tag="008">060522s2006    fi            ||| | rus  </controlfield><datafield ind1=" " ind2=" " tag="020"><subfield code="a">9525125238</subfield><subfield code="q">kovakantinen</subfield></datafield><datafield ind1="0" ind2=" " tag="041"><subfield code="a">rus</subfield><subfield code="a">fin</subfield><subfield code="a">eng</subfield></datafield><datafield ind1=" " ind2=" " tag="080"><subfield code="a">73</subfield></datafield><datafield ind1=" " ind2=" " tag="084"><subfield code="a">76.4</subfield></datafield><datafield ind1=" " ind2=" " tag="084"><subfield code="a">76</subfield><subfield code="2">ykl</subfield></datafield><datafield ind1=" " ind2=" " tag="091"><subfield code="a">64</subfield></datafield><datafield ind1=" " ind2=" " tag="094"><subfield code="a">76.4</subfield></datafield><datafield ind1=" " ind2=" " tag="095"><subfield code="a">762</subfield></datafield><datafield ind1=" " ind2=" " tag="097"><subfield code="a">76.4</subfield></datafield><datafield ind1="1" ind2=" " tag="100"><subfield code="a">Helenius, Kari</subfield></datafield><datafield ind1="1" ind2="0" tag="245"><subfield code="a">T&#353;arka :</subfield><subfield code="b">the Russian charka : the silver vodka cup of the Romavov era = ven&#228;l&#228;inen t&#353;arkka : hopeinen votkakuppi Romanovien ajalta = russkaja t&#353;arka : vo vremena Romanovyh : 1613-1917 /</subfield><subfield code="c">K. Helenius ; [photography = valokuvat = fotografii: Katja Hagelstam] ; [translated ... by = k&#228;&#228;nn&#246;kset ... = perevod ...: Anastassia Tsernosova ... Pauliina Tervo ... Sonja Hemberg]</subfield></datafield><datafield ind1=" " ind2=" " tag="260"><subfield code="a">Helsinki :</subfield><subfield code="b">W. Hagelstam,</subfield><subfield code="c">2006</subfield><subfield code="f">(Kaivopuiston Kirjapaino)</subfield></datafield><datafield ind1=" " ind2=" " tag="300"><subfield code="a">204, [1] sivua :</subfield><subfield code="b">kuvitettu ;</subfield><subfield code="c">18 x 23 cm</subfield></datafield><datafield ind1=" " ind2=" " tag="336"><subfield code="a">teksti</subfield><subfield code="b">txt</subfield><subfield code="2">rdacontent</subfield></datafield><datafield ind1=" " ind2=" " tag="337"><subfield code="a">k&#228;ytett&#228;viss&#228; ilman laitetta</subfield><subfield code="b">n</subfield><subfield code="2">rdamedia</subfield></datafield><datafield ind1=" " ind2=" " tag="338"><subfield code="a">nide</subfield><subfield code="b">nc</subfield><subfield code="2">rdacarrier</subfield></datafield><datafield ind1=" " ind2=" " tag="500"><subfield code="a">Kansinimeke: Charka = t&#353;arkka = T&#353;arka. - Kansialanimeke: The russian silver vodka cup = ven&#228;l&#228;inen hopeinen votkakuppi. - 7 s. ilmoituksia</subfield></datafield><datafield ind1=" " ind2=" " tag="546"><subfield code="a">ven&#228;j&#228;, suomi, englanti</subfield></datafield><datafield ind1=" " ind2=" " tag="574"><subfield code="a">erja.ylinen@hel.fi</subfield></datafield><datafield ind1=" " ind2="7" tag="648"><subfield code="a">1600-luku</subfield><subfield code="2">ysa</subfield></datafield><datafield ind1=" " ind2="7" tag="648"><subfield code="a">1700-luku</subfield><subfield code="2">ysa</subfield></datafield><datafield ind1=" " ind2="7" tag="648"><subfield code="a">1800-luku</subfield><subfield code="2">ysa</subfield></datafield><datafield ind1=" " ind2="7" tag="648"><subfield code="a">1900-luku</subfield><subfield code="2">ysa</subfield></datafield><datafield ind1=" " ind2="7" tag="650"><subfield code="a">hopeaty&#246;t</subfield><subfield code="2">yso/fin</subfield><subfield code="0">http://www.yso.fi/onto/yso/p10275</subfield></datafield><datafield ind1=" " ind2="7" tag="650"><subfield code="a">juoma-astiat</subfield><subfield code="2">yso/fin</subfield><subfield code="0">http://www.yso.fi/onto/yso/p20891</subfield></datafield><datafield ind1=" " ind2="7" tag="650"><subfield code="a">historia</subfield><subfield code="2">yso/fin</subfield><subfield code="0">http://www.yso.fi/onto/yso/p1780</subfield></datafield><datafield ind1=" " ind2="7" tag="650"><subfield code="a">esineet</subfield><subfield code="2">yso/fin</subfield><subfield code="0">http://www.yso.fi/onto/yso/p1018</subfield></datafield><datafield ind1=" " ind2="7" tag="650"><subfield code="a">kultasep&#228;nty&#246;t</subfield><subfield code="2">yso/fin</subfield><subfield code="0">http://www.yso.fi/onto/yso/p4701</subfield></datafield><datafield ind1=" " ind2="7" tag="650"><subfield code="a">hopea</subfield><subfield code="2">yso/fin</subfield><subfield code="0">http://www.yso.fi/onto/yso/p7409</subfield></datafield><datafield ind1=" " ind2="7" tag="650"><subfield code="a">hopeasep&#228;t</subfield><subfield code="2">yso/fin</subfield><subfield code="0">http://www.yso.fi/onto/yso/p18612</subfield></datafield><datafield ind1=" " ind2="7" tag="650"><subfield code="a">antiikkiesineet</subfield><subfield code="2">yso/fin</subfield><subfield code="0">http://www.yso.fi/onto/yso/p18357</subfield></datafield><datafield ind1=" " ind2="7" tag="650"><subfield code="a">kokoelmat</subfield><subfield code="2">yso/fin</subfield><subfield code="0">http://www.yso.fi/onto/yso/p12676</subfield></datafield><datafield ind1=" " ind2="7" tag="651"><subfield code="a">Ven&#228;j&#228;</subfield><subfield code="2">ysa</subfield></datafield><datafield ind1="1" ind2=" " tag="700"><subfield code="a">Hagelstam, Katja,</subfield><subfield code="e">kuvittaja</subfield></datafield><datafield ind1="1" ind2=" " tag="700"><subfield code="a">Tsernosova, Anastassia,</subfield><subfield code="e">k&#228;&#228;nt&#228;j&#228;</subfield></datafield><datafield ind1="1" ind2=" " tag="700"><subfield code="a">Hemberg, Sonja,</subfield><subfield code="e">k&#228;&#228;nt&#228;j&#228;</subfield></datafield><datafield ind1="1" ind2=" " tag="700"><subfield code="a">Tervo, Pauliina,</subfield><subfield code="e">k&#228;&#228;nt&#228;j&#228;</subfield></datafield><datafield ind1="4" ind2=" " tag="740"><subfield code="a">The Russian charka</subfield></datafield><datafield ind1="0" ind2=" " tag="740"><subfield code="a">Ven&#228;l&#228;inen t&#353;arkka</subfield></datafield><datafield ind1="0" ind2=" " tag="740"><subfield code="a">Russkaja t&#353;arka</subfield></datafield><datafield ind1="0" ind2=" " tag="740"><subfield code="a">Charka</subfield></datafield><datafield ind1="0" ind2=" " tag="740"><subfield code="a">T&#353;arkka</subfield></datafield><datafield ind1="4" ind2=" " tag="740"><subfield code="a">The russian silver vodka cup</subfield></datafield><datafield ind1="0" ind2=" " tag="740"><subfield code="a">Ven&#228;l&#228;inen hopeinen votkakuppi</subfield></datafield><datafield ind1=" " ind2=" " tag="852"><subfield code="x">Helsingin luokanmuutos 18.2.2026</subfield></datafield></record>